<record><leader>00000cas a2200000 i 4500</leader><controlfield tag="001">10846607</controlfield><controlfield tag="008">840615d18531855causr ne      0    0eng c</controlfield><datafield ind1=" " ind2=" " tag="010"><subfield code="a">sn 84025970 </subfield></datafield><datafield ind1=" " ind2=" " tag="040"><subfield code="a">NPV</subfield><subfield code="b">eng</subfield><subfield code="e">rda</subfield><subfield code="c">NPV</subfield><subfield code="d">NPX</subfield><subfield code="d">YOX</subfield><subfield code="d">CNK</subfield><subfield code="d">OCL</subfield><subfield code="d">KRTAS</subfield><subfield code="d">CUI</subfield><subfield code="d">OCLCQ</subfield><subfield code="d">OCLCF</subfield><subfield code="d">IUL</subfield></datafield><datafield ind1=" " ind2=" " tag="042"><subfield code="a">pcc</subfield></datafield><datafield ind1=" " ind2=" " tag="043"><subfield code="a">n-us-ca</subfield></datafield><datafield ind1=" " ind2="4" tag="050"><subfield code="a">AN</subfield></datafield><datafield ind1="0" ind2="0" tag="245"><subfield code="a">Steamer union.</subfield></datafield><datafield ind1=" " ind2="1" tag="264"><subfield code="a">Sacramento [Calif.] :</subfield><subfield code="b">James Anthony &amp; Co.</subfield></datafield><datafield ind1=" " ind2=" " tag="300"><subfield code="a">volumes :</subfield><subfield code="b">illustrations ;</subfield><subfield code="c">62 cm.</subfield></datafield><datafield ind1=" " ind2=" " tag="310"><subfield code="a">Semimonthly</subfield></datafield><datafield ind1=" " ind2=" " tag="336"><subfield code="a">text</subfield><subfield code="b">txt</subfield><subfield code="2">rdacontent</subfield></datafield><datafield ind1=" " ind2=" " tag="337"><subfield code="a">unmediated</subfield><subfield code="b">n</subfield><subfield code="2">rdamedia</subfield></datafield><datafield ind1=" " ind2=" " tag="338"><subfield code="a">volume</subfield><subfield code="b">nc</subfield><subfield code="2">rdacarrier</subfield></datafield><datafield ind1="1" ind2=" " tag="362"><subfield code="a">Began in 1853; ceased in 1855.</subfield></datafield><datafield ind1=" " ind2=" " tag="500"><subfield code="a">"For circulation in the Atlantic states, Oregon, South America and Europe."</subfield></datafield><datafield ind1=" " ind2=" " tag="500"><subfield code="a">Masthead of each issue contains the name(s)--of the packet(s) that carried that issue.</subfield></datafield><datafield ind1=" " ind2=" " tag="500"><subfield code="a">"Whig," &lt;1853&gt;.</subfield></datafield><datafield ind1=" " ind2=" " tag="580"><subfield code="a">Triweekly ed.: Pictorial union.</subfield></datafield><datafield ind1=" " ind2=" " tag="588"><subfield code="a">Description based on: Vol. II, no. 26 (May 31, 1853); title from masthead, America's Historical Newspapers (viewed September 28, 2017).</subfield></datafield><datafield ind1=" " ind2=" " tag="588"><subfield code="a">Latest issue consulted: Vol. II, no. 31 (August 15, 1853); America's Historical Newspapers (viewed September 28, 2017).</subfield></datafield><datafield ind1=" " ind2="0" tag="651"><subfield code="a">Sacramento (Calif.)</subfield><subfield code="v">Newspapers.</subfield></datafield><datafield ind1=" " ind2="0" tag="651"><subfield code="a">Sacramento County (Calif.)</subfield><subfield code="v">Newspapers.</subfield></datafield><datafield ind1=" " ind2="7" tag="651"><subfield code="a">California</subfield><subfield code="z">Sacramento.</subfield><subfield code="2">fast</subfield><subfield code="0">(OCoLC)fst01205542</subfield></datafield><datafield ind1=" " ind2="7" tag="651"><subfield code="a">California</subfield><subfield code="z">Sacramento County.</subfield><subfield code="2">fast</subfield><subfield code="0">(OCoLC)fst01214200</subfield></datafield><datafield ind1=" " ind2="7" tag="655"><subfield code="a">Newspapers.</subfield><subfield code="2">fast</subfield><subfield code="0">(OCoLC)fst01423814</subfield></datafield><datafield ind1=" " ind2=" " tag="752"><subfield code="a">United States</subfield><subfield code="b">California</subfield><subfield code="c">Sacramento</subfield><subfield code="d">Sacramento.</subfield></datafield><datafield ind1="0" ind2=" " tag="775"><subfield code="t">Sacramento daily union</subfield><subfield code="w">(DLC)sn 82014928</subfield><subfield code="w">(OCoLC)8801084</subfield></datafield><datafield ind1="0" ind2=" " tag="775"><subfield code="t">Sacramento weekly union</subfield><subfield code="w">(DLC)sn 82006530</subfield><subfield code="w">(OCoLC)8769963</subfield></datafield><datafield ind1="1" ind2=" " tag="775"><subfield code="t">Pictorial union</subfield><subfield code="w">(DLC)sn 82014553</subfield><subfield code="w">(OCoLC)8791533</subfield></datafield><datafield ind1="0" ind2="0" tag="780"><subfield code="t">Sacramento steamer union (Sacramento, Calif.)</subfield><subfield code="w">(DLC)sn 82014829</subfield><subfield code="w">(OCoLC)8804927</subfield></datafield><datafield ind1="0" ind2="0" tag="785"><subfield code="t">Sacramento steamer union (Sacramento, Calif. : 1855)</subfield><subfield code="w">(DLC)sn 85025045</subfield><subfield code="w">(OCoLC)11562693</subfield></datafield><datafield ind1="4" ind2="1" tag="856"><subfield code="u">http://infoweb.newsbank.com/?db=EANX&amp;s_browseRef=decades/11B8504994CF922F/all.xml</subfield></datafield><datafield ind1=" " ind2=" " tag="938"><subfield code="a">Kirtas Technologies, Inc.</subfield><subfield code="b">KRTS</subfield><subfield code="n">738517</subfield></datafield><datafield ind1="1" ind2=" " tag="029"><subfield code="a">AU@</subfield><subfield code="b">000020228809</subfield></datafield></record>